[gd_scene load_steps=12 format=3 uid="uid://c7itlvqnvjsfx"]

[ext_resource type="Script" path="res://scenes/level.gd" id="1_04qco"]
[ext_resource type="Texture2D" uid="uid://chcby888b5r21" path="res://assets/kenney_space-shooter-redux/Backgrounds/darkPurple.png" id="1_ap0l6"]
[ext_resource type="PackedScene" uid="uid://dcei1xtpsyfek" path="res://scenes/player.tscn" id="1_h3dif"]
[ext_resource type="Script" path="res://scenes/Background.gd" id="2_kkqea"]
[ext_resource type="PackedScene" uid="uid://b6xg024qgey5v" path="res://scenes/meteor.tscn" id="3_558yv"]
[ext_resource type="PackedScene" uid="uid://c3qd7vtj58em4" path="res://scenes/ui.tscn" id="6_m3lf3"]
[ext_resource type="PackedScene" uid="uid://hql3ydny47r" path="res://scenes/star_1.tscn" id="7_rotcl"]
[ext_resource type="PackedScene" uid="uid://cdi6a3s0okrxv" path="res://scenes/spawner.tscn" id="7_t3xw8"]
[ext_resource type="AudioStream" uid="uid://dtxave316dyfo" path="res://assets/soundimage.org/sci-fi/Urban-Jungle-2061_Looping.mp3" id="10_77k77"]

[sub_resource type="RectangleShape2D" id="RectangleShape2D_hnpsm"]
size = Vector2(4, 648)

[sub_resource type="RectangleShape2D" id="RectangleShape2D_wnjbo"]
size = Vector2(1156, 4)

[node name="Level" type="Node2D"]
script = ExtResource("1_04qco")
STAR_SPEED = 10.0

[node name="Background" type="Sprite2D" parent="."]
texture_repeat = 2
texture = ExtResource("1_ap0l6")
centered = false
region_enabled = true
region_rect = Rect2(0, 0, 1152, 648)
script = ExtResource("2_kkqea")
metadata/_edit_lock_ = true

[node name="Stars" type="Node2D" parent="."]
metadata/_edit_lock_ = true

[node name="Lasers" type="Node2D" parent="."]
metadata/_edit_lock_ = true

[node name="Player" parent="." instance=ExtResource("1_h3dif")]
position = Vector2(576, 570)
movement_speed = 500

[node name="Meteors" type="Node2D" parent="."]
metadata/_edit_lock_ = true

[node name="Borders" type="StaticBody2D" parent="."]
collision_layer = 4
metadata/_edit_lock_ = true

[node name="BorderRightCollision" type="CollisionShape2D" parent="Borders"]
position = Vector2(1152, 324)
shape = SubResource("RectangleShape2D_hnpsm")
metadata/_edit_lock_ = true

[node name="BorderLeftCollision" type="CollisionShape2D" parent="Borders"]
position = Vector2(0, 324)
shape = SubResource("RectangleShape2D_hnpsm")
metadata/_edit_lock_ = true

[node name="BorderTopCollision" type="CollisionShape2D" parent="Borders"]
position = Vector2(576, 0)
shape = SubResource("RectangleShape2D_wnjbo")
metadata/_edit_lock_ = true

[node name="BorderBotCollision" type="CollisionShape2D" parent="Borders"]
position = Vector2(576, 648)
shape = SubResource("RectangleShape2D_wnjbo")
metadata/_edit_lock_ = true

[node name="UI" parent="." instance=ExtResource("6_m3lf3")]

[node name="StarSpawner" parent="." node_paths=PackedStringArray("SPAWN_NODE") instance=ExtResource("7_t3xw8")]
offset_top = -200.0
offset_right = 1152.0
offset_bottom = -100.0
SPAWN_TIMEOUT_MIN = 1.0
SPAWN_TIMEOUT_MAX = 10.0
SPAWN_ENTITIES_MAX = 5
SPAWN_NODE = NodePath("../Stars")

[node name="Star1" parent="StarSpawner" instance=ExtResource("7_rotcl")]

[node name="MeteorSpawner" parent="." node_paths=PackedStringArray("SPAWN_NODE") instance=ExtResource("7_t3xw8")]
offset_top = -200.0
offset_right = 1152.0
offset_bottom = -100.0
SPAWN_TIMEOUT_MIN = 1.0
SPAWN_ENTITIES_MAX = 5
SPAWN_NODE = NodePath("../Meteors")

[node name="Meteor" parent="MeteorSpawner" instance=ExtResource("3_558yv")]
position = Vector2(550, 418)

[node name="BackgroundMusic" type="AudioStreamPlayer" parent="."]
stream = ExtResource("10_77k77")
volume_db = -19.5
autoplay = true

[connection signal="laser" from="Player" to="." method="_on_player_laser"]
[connection signal="new_instance" from="StarSpawner" to="." method="_on_star_spawner_new_instance"]
[connection signal="new_instance" from="MeteorSpawner" to="." method="_on_meteor_spawner_new_instance"]
